@online{KernelStruktur,
	author={Wikipedia},
	title={Linux Kernel Struktur},
        urldate={2017-10-07},
	url={https://upload.wikimedia.org/wikipedia/commons/thumb/4/46/Linux_Kernel_Struktur.svg/679px-Linux_Kernel_Struktur.svg.png}
}

@online{LinuxOnZKernel,
	author={IBM},
	title={Linux on z Kernel},
        urldate={2017-10-07},
	url={https://elearning.hslu.ch/ilias/goto.php?target=file_3438832_download}
}

@online{LinuxOnZMainframeVorteile,
	author={IBM},
	title={Linux on z Mainframe Vorteile},
        urldate={2017-10-07},
	url={https://elearning.hslu.ch/ilias/goto.php?target=file_3438832_download}
}

@online{LinuxOnZOnLPAR,
	author={IBM},
	title={Linux on z in LPARs},
        urldate={2017-10-07},
	url={https://elearning.hslu.ch/ilias/goto.php?target=file_3438830_download}
}

@online{LinuxOnZOnZVM,
	author={IBM},
	title={Linux on z unter z/VM},
        urldate={2017-10-07},
	url={https://elearning.hslu.ch/ilias/goto.php?target=file_3438830_download}
}

@online{LinuxOnZOnLPARZVM,
	author={IBM},
	title={Linux on z in LPARs und unter z/VM},
        urldate={2017-10-07},
	url={https://elearning.hslu.ch/ilias/goto.php?target=file_3438830_download}
}

@online{WorkloadManagement,
	author={IBM},
	title={Workload Management Vergleich mit x86},
        urldate={2017-10-07},
	url={https://elearning.hslu.ch/ilias/goto.php?target=file_3438832_download}
}

@online{KonsolidierungKritischeMasse,
	author={IBM},
	title={Kirtische Masse fuer Konsolidierung},
        urldate={2017-10-07},
	url={https://elearning.hslu.ch/ilias/goto.php?target=file_3438832_download}
}

@online{CPURatio,
	author={IBM},
	title={Rate von x86-Cores zu LoZ-Cores},
        urldate={2017-10-07},
	url={https://elearning.hslu.ch/ilias/goto.php?target=file_3438832_download}
}

@online{LinuxWiki,
    author={Wikipedia},
    title={Linux},
    url={https://en.wikipedia.org/wiki/Linux},
    urldate={2017-10-07}
}

@online{LinuxDistroWiki,
    author={Wikipedia},
    title={Linux distribution},
    url={https://en.wikipedia.org/wiki/Linux_distribution},
    urldate={2017-10-07}
}

@online{LinuxOnZWiki,
    author={Wikipedia},
    title={Linux on z},
    url={https://en.wikipedia.org/wiki/Linux_on_z_Systems},
    urldate={2017-10-07}
}

@online{LinuxOnZWikiHistory,
    author={Wikipedia},
    title={History of Linux on z},
    url={https://en.wikipedia.org/wiki/Linux_on_z_Systems#History},
    urldate={2017-10-07}
}

@online{IBMzAAP,
    author={IBM},
    title={z Systems Application Assist Processor},
    url={https://www-03.ibm.com/systems/z/hardware/features/zaap/},
    urldate={2017-10-07}
}

@online{IBMzIIP,
    author={IBM},
    title={z Systems Integrated Information Processor},
    url={https://www.ibm.com/us-en/marketplace/z-integrated-information-processor-ziip},
    urldate={2017-10-07}
}

@online{IBMIFL,
    author={IBM},
    title={Integrated Facility for Linux},
    url={https://www.ibm.com/us-en/marketplace/integrated-facility-for-linux-ifl},
    urldate={2017-10-07}
}

@online{LinuxOnZSpecCode,
    author={IBM},
    title={Linux on z spezifischer Code im Kernel},
    url={https://elearning.hslu.ch/ilias/goto.php?target=file_3438832_download},
    urldate={2017-10-07}
}

@online{IBMzVMLPAR,
    author={IBM},
    title={Some Thoughts: Linux Server in LPAR or in z/VM? Folie 15},
    url={https://elearning.hslu.ch/ilias/goto.php?target=file_3438830_download},
    urldate={2017-10-07}
}

@online{HiperSocketsWiki,
    author={Wikipedia},
    title={HiperSockets},
    url={https://en.wikipedia.org/wiki/HiperSocket},
    urldate={2017-10-07}
}

@online{ARMServer,
    author={The Next Platform, Jeffrey Burt},
    title={ARM Server chips challenge x86 in the Cloud},
    url={https://www.nextplatform.com/2017/02/01/arm-server-chips-challenge-x86-cloud/},
    urldate={2017-10-07}
}

@online{CommonWhyx86,
    author={Common.org, Kim Jones},
    title={Why x86 Servers Continue to Dominate the Data Center},
    url={http://www.common.org/servers/x86-servers-data-center/},
    urldate={2017-10-07}
}

@online{TorvalsQuote,
    author={PCWorld, Agam Shah},
    title={Why Linux pioneer Linux Torvalds prefers x86 chips over ARM processors},
    url={https://www.pcworld.com/article/3129300/linux/why-linux-pioneer-linus-torvalds-prefers-x86-over-arm.html},
    urldate={2017-10-07}
}

@incollection{IBMRedBookWorkloadConcept,
    author={IBM},
    title={Workload Manager},
    booktitle={System Programmer's Guide to: Workload Manager},
    publisher={IBM Redbooks},
    year={2008},
    chapter={1},
    pages={2-3},
    url={http://www.redbooks.ibm.com/redbooks/pdfs/sg246472.pdf},
    urldate={2017-10-07}
}

@incollection{IBMAFIUCV,
    author={IBM},
    title={Development stream},
    booktitle={Device Drivers, Features, and Commands},
    publisher={IBM},
    year={2017},
    chapter={21},
    pages={383-386},
    url={http://public.dhe.ibm.com/software/dw/linux390/docu/l410dd31.pdf},
    urldate={2017-10-07}
}

@incollection{IBMCallHome,
    author={IBM},
    title={Development stream},
    booktitle={Device Drivers, Features, and Commands},
    publisher={IBM},
    year={2017},
    chapter={55},
    pages={587-588},
    url={http://public.dhe.ibm.com/software/dw/linux390/docu/l410dd31.pdf},
    urldate={2017-10-07}
}
